@inproceedings{ghemawat2003google,
  title={The Google file system},
  author={Ghemawat, Sanjay and Gobioff, Howard and Leung, Shun-Tak},
  booktitle={Proceedings of the nineteenth ACM symposium on Operating systems principles},
  pages={29--43},
  year={2003}
}
