@article{ottenstein1990program,
  title={The program dependence web: a representation supporting control-, data-, and demand-driven interpretation of imperative languages},
  author={Ottenstein, Karl J and Ballance, Robert A and MacCabe, Arthur B},
  journal={ACM SIGPLAN Notices},
  volume={25},
  number={6},
  pages={257--271},
  year={1990},
  publisher={ACM}
}
